<record xmlns='http://www.loc.gov/MARC21/slim'
><leader
  >01976ntm a2200301Ii 4500</leader
  ><controlfield tag='001'
  >991058302169606011</controlfield
  ><controlfield tag='005'
  >20220527140242.0</controlfield
  ><controlfield tag='008'
  >220506s1647    stk           000 0 eng d</controlfield
  ><datafield ind1=' ' ind2=' ' tag='035'
  ><subfield code='a'
    >(OCoLC)1314389419h</subfield
    ></datafield
  ><datafield ind1=' ' ind2=' ' tag='035'
  ><subfield code='a'
    >(OCoLC)on1314389419h</subfield
    ></datafield
  ><datafield ind1=' ' ind2=' ' tag='040'
  ><subfield code='a'
    >HRH</subfield
    ><subfield code='b'
    >eng</subfield
    ><subfield code='e'
    >dcrmmss</subfield
    ><subfield code='c'
    >HRH</subfield
    ></datafield
  ><datafield ind1=' ' ind2=' ' tag='041'
  ><subfield code='a'
    >eng</subfield
    ></datafield
  ><datafield ind1=' ' ind2=' ' tag='049'
  ><subfield code='a'
    >HRHH</subfield
    ></datafield
  ><datafield ind1=' ' ind2='9' tag='099'
  ><subfield code='a'
    >MS 3327, Container 90</subfield
    ></datafield
  ><datafield ind1='0' ind2='0' tag='245'
  ><subfield code='a'
    >Practicks of the law of Scotland :</subfield
    ><subfield code='k'
    >manuscript.</subfield
    ></datafield
  ><datafield ind1=' ' ind2=' ' tag='260'
  ><subfield code='a'
    >Scotland? ;</subfield
    ><subfield code='c'
    >1647 October 20 to November 26</subfield
    ></datafield
  ><datafield ind1=' ' ind2=' ' tag='300'
  ><subfield code='a'
    >148 leaves :</subfield
    ><subfield code='b'
    >paper,</subfield
    ><subfield code='c'
    >19 x 15 cm</subfield
    ></datafield
  ><datafield ind1=' ' ind2=' ' tag='506'
  ><subfield code='a'
    >Unrestricted, for either reading room or classroom use.</subfield
    ></datafield
  ><datafield ind1=' ' ind2=' ' tag='520'
  ><subfield code='a'
    >An alphabetical arrangement of legal subjects with commentary and several marginal glosses.</subfield
    ></datafield
  ><datafield ind1=' ' ind2=' ' tag='590'
  ><subfield code='a'
    >MS 3327, Container 90: From the Auchinleck Library penciled on the front flyleaf verso; possibly belonged to Alexander Boswell, Lord Auchinleck (1707-1782), who donated several manuscripts to the Advocates&apos; Library in Edinburgh in 1744, and was the father of James Boswell; F.1 and 265 also in pencil (fol. i verso); number on spine not visible under ultraviolet light; acquired by the Ransom Center (R4998) in 1969. Binding: Limp calfskin (?) parchment, fore edge cover extensions. Straight caps, cut edges. Partial cleaning of dirty, discolored cover material, title written in ink at head end of spine. Sewn on three tawed thongs adhered under pastedowns. Two fore edge fastenings, tawed ties front and back covers. No endbands. Endleaf components: front separate pastedown, pieced green coated paper, integral free endleaf; back separate pastedown, pieced green coated paper.  (Scotland? 17th c?) Repairs.</subfield
    ></datafield
  ><datafield ind1=' ' ind2='0' tag='650'
  ><subfield code='a'
    >Law.</subfield
    ></datafield
  ><datafield ind1=' ' ind2='7' tag='655'
  ><subfield code='a'
    >Glosses (annotations)</subfield
    ><subfield code='2'
    >aat</subfield
    ></datafield
  ><datafield ind1='2' ind2=' ' tag='791'
  ><subfield code='a'
    >Auchinleck Library,</subfield
    ><subfield code='e'
    >former owner.</subfield
    ></datafield
  ><datafield ind1='2' ind2=' ' tag='791'
  ><subfield code='a'
    >Medieval and Early Modern Manuscripts Collection.</subfield
    ></datafield
  ><datafield ind1=' ' ind2=' ' tag='752'
  ><subfield code='a'
    >Scotland,</subfield
    ><subfield code='e'
    >producation place.</subfield
    ></datafield
  ><datafield ind1='2' ind2=' ' tag='979'
  ><subfield code='a'
    >Auchinleck Library,</subfield
    ><subfield code='e'
    >former owner.</subfield
    ></datafield
  ><datafield ind1='2' ind2=' ' tag='979'
  ><subfield code='a'
    >Medieval and Early Modern Manuscripts Collection.</subfield
    ></datafield
  ><datafield ind1=' ' ind2=' ' tag='994'
  ><subfield code='a'
    >C0</subfield
    ><subfield code='b'
    >HRH</subfield
    ></datafield
  ></record
>